<?xml version="1.0" encoding="UTF-8"?><record xmlns="http://www.loc.gov/MARC21/slim" xmlns:cinclude="http://apache.org/cocoon/include/1.0" xmlns:zs="http://www.loc.gov/zing/srw/">
  <leader>00635cz  a2200157n  4500</leader>
  <controlfield tag="001">nr2001030297</controlfield>
  <controlfield tag="003">DLC</controlfield>
  <controlfield tag="005">20130320094838.0</controlfield>
  <controlfield tag="008">010730n| azannaabn          |a aaa     c</controlfield>
  <datafield tag="010" ind1=" " ind2=" ">
    <subfield code="a">nr2001030297</subfield>
  </datafield>
  <datafield tag="040" ind1=" " ind2=" ">
    <subfield code="a">MWA</subfield>
    <subfield code="b">eng</subfield>
    <subfield code="e">rda</subfield>
    <subfield code="c">CtWfDGI</subfield>
    <subfield code="d">DLC</subfield>
  </datafield>
  <datafield tag="046" ind1=" " ind2=" ">
    <subfield code="f">[1808,1809]</subfield>
    <subfield code="g">1828</subfield>
    <subfield code="2">edtf</subfield>
  </datafield>
  <datafield tag="100" ind1="1" ind2=" ">
    <subfield code="a">Ellis, Martha Bridgham,</subfield>
    <subfield code="d">1808 or 1809-1828</subfield>
  </datafield>
  <datafield tag="400" ind1="1" ind2=" ">
    <subfield code="w">nnea</subfield>
    <subfield code="a">Ellis, Martha Bridgham,</subfield>
    <subfield code="d">1808 or 9-1828</subfield>
  </datafield>
  <datafield tag="670" ind1=" " ind2=" ">
    <subfield code="a">Hamilton, L. A sermon delivered at Taunton, Dec. 7, 1828, occasioned by the death of Miss Martha Bridgham Ellis, 1829.</subfield>
  </datafield>
  <datafield tag="670" ind1=" " ind2=" ">
    <subfield code="a">Taunton Vital Records</subfield>
    <subfield code="b">(Ellis, Martha Bridgham; dau. Hon. James and Martha; d. Nov. 24, 1828, a. 19)</subfield>
  </datafield>
</record>